@Book{1999paganNonparametricEconometrics,
  title = {Nonparametric {{Econometrics}}},
  author = {Pagan, Adrian and Ullah, Aman},
  date = {1999},
  publisher = {{Cambridge University Press}},
  series = {Themes in Modern Econometrics}
}

@Article{1962parzenEstimationProbabilityDensity,
  author = {Parzen, Emanuel},
  title = {{On Estimation of a Probability Density Function and Mode}},
  volume = {33},
  journaltitle = {The Annals of Mathematical Statistics},
  number = {3},
  publisher = {Institute of Mathematical Statistics},
  pages = {1065 -- 1076},
  date = {1962},
  doi = {10.1214/aoms/1177704472}
}

@Book{1955bochnerHarmonicAnalysisTheory,
  title = {Harmonic Analysis and the Theory of Probability},
  author = {Bochner, S.},
  series = {Dover Books on Mathematics},
  date = {1955},
  publisher = {Dover Publications}
}

@Book{1995billingsleyProbabilityMeasure,
  title = {Probability and {{Measure}}},
  author = {Billingsley, Patrick},
  date = {1995},
  publisher = {{Wiley}},
  series = {Wiley Series in Probability and Statistics}
}

@Book{1984pollardConvergenceStochasticProcesses,
  title = {Convergence of Stochastic Processes},
  author = {Pollard, David},
  series = {Springer Series in Statistics},
  date = {1984},
  publisher = {Springer New York}
}
